@article{Shvets2018,
author = {Shvets, Alexey and Rakhlin, Alexander and Kalinin, Alexandr A. and Iglovikov, Vladimir},
title = {{Automatic Instrument Segmentation in Robot-Assisted Surgery Using Deep Learning}},
year = {2018}
}


@article{Laina2017,
author = {Laina, Iro and Rieke, Nicola and Rupprecht, Christian and Vizca{\'{i}}no, Josu{\'{e}} Page and Eslami, Abouzar and Tombari, Federico and Navab, Nassir},
journal = {{Lecture Notes in Computer Science (including subseries Lecture Notes in Artificial Intelligence and Lecture Notes in Bioinformatics)}},
pages = {664--672},
title = {{Concurrent segmentation and localization for tracking of surgical instruments}},
year = {2017}
}

@article{Ronneberger2015,
author = {Ronneberger, Olaf and Fischer, Philipp and Brox, Thomas},
journal = {MICCAI},
pages = {234--241},
title = {{U-Net: Convolutional Networks for Biomedical Image Segmentation}},
year = {2015}
}

@article{iglovikov2017satellite,
  author    = {Vladimir Iglovikov and
               Sergey Mushinskiy and
               Vladimir Osin},
  title     = {Satellite Imagery Feature Detection using Deep Convolutional Neural
               Network: {A} Kaggle Competition},
  journal   = {{CoRR}},
  year      = {2017},
}

@article{iglovikov2017pediatric,
  author    = {Vladimir Iglovikov and
               Alexander Rakhlin and
               Alexandr A. Kalinin and
               Alexey Shvets},
  title     = {{Pediatric Bone Age Assessment Using Deep Convolutional Neural Networks}},
  journal   = {CoRR},
  year      = {2017},
}

@article{murphy2006naive,
  title={Naive bayes classifiers},
  author={Murphy, Kevin P and others},
  journal={University of British Columbia},
  year={2006}
}

@article{simonyan2014vgg,
  author    = {Karen Simonyan and
               Andrew Zisserman},
  title     = {{Very Deep Convolutional Networks for Large-Scale Image Recognition}},
  journal   = {{CoRR}},
  year      = {2014},
}

@INPROCEEDINGS{deng2009imagenet,
author={J. Deng and W. Dong and R. Socher and L. Li and Kai Li and Li Fei-Fei},
booktitle={{2009 IEEE Conference on Computer Vision and Pattern Recognition},
title={ImageNet: A large-scale hierarchical image database}},
year={2009},
pages={248-255},
}

@InProceedings{garcia2017segm_nonrigid_book,
author="Garc{\'i}a-Peraza-Herrera, Luis C.
and Li, Wenqi
and Gruijthuijsen, Caspar
and Devreker, Alain
and Attilakos, George
and Deprest, Jan
and Vander Poorten, Emmanuel
and Stoyanov, Danail
and Vercauteren, Tom
and Ourselin, S{\'e}bastien",
editor="Peters, Terry
and Yang, Guang-Zhong
and Navab, Nassir
and Mori, Kensaku
and Luo, Xiongbiao
and Reichl, Tobias
and McLeod, Jonathan",
title={{Real-Time Segmentation of Non-rigid Surgical Tools Based on Deep Learning and Tracking}},
booktitle={{Computer-Assisted and Robotic Endoscopy}},
year="2017",
pages="84--95",
}

@INPROCEEDINGS{Attia2017_surg_tool_cnn-rnn,
author={M. Attia and M. Hossny and S. Nahavandi and H. Asadi},
booktitle={{2017 IEEE International Conference on Systems, Man, and Cybernetics (SMC)}},
title={{Surgical tool segmentation using a hybrid deep CNN-RNN auto encoder-decoder}},
year={2017},
pages={3373-3378},
}

@article{du2018_2D_pose_est_CNN,
  title={{Articulated multi-instrument 2D pose estimation using fully convolutional networks}},
  author={Du, Xiaofei and Kurmann, Thomas and Chang, Ping-Lin and Allan, Maximilian and Ourselin, Sebastien and Sznitman, Raphael and Kelly, John D and Stoyanov, Danail},
  journal={IEEE transactions on medical imaging},
  year={2018},
}

@article{Zijian2017trackingCNN,
author = {Zijian Zhao and Sandrine Voros and Ying Weng and Faliang Chang and Ruijian Li},
title = {Tracking-by-detection of surgical instruments in minimally invasive surgery via the convolutional neural network deep learning-based method},
journal = {Computer Assisted Surgery},
pages = {26-35},
year  = {2017},
}

@misc{EndoVis17,
title = "{MICCAI Endoscopic Vision Challenge: Subchallenge Robotic Instrument Segmentation}",
howpublished = "\url{https://endovissub2017-roboticinstrumentsegmentation.grand-challenge.org}",
note = {Accessed: 2018-09-15}
}

@misc{EndoVis15,
title = "{MICCAI Endoscopic Vision Challenge: Subchallenge Instrument Segmentation and Tracking}",
howpublished = "\url{https://endovissub-instrument.grand-challenge.org/}",
note = {Accessed: 2018-09-15}
}

@article{powers2011eva_recall_precision,
  title={{Evaluation: from precision, recall and F-measure to ROC, informedness, markedness and correlation}},
  author={Powers, David Martin},
  year={2011},
}

@article{fawcett2006roc_introduction,
  title={An introduction to ROC analysis},
  author={Fawcett, Tom},
  journal={Pattern recognition letters},
  pages={861--874},
  year={2006},
}

@article{metz1987accuracyROC,
title = "{Basic principles of ROC analysis}",
journal = "Seminars in Nuclear Medicine",
pages = "283 - 298",
year = "1978",
author = "Charles E. Metz"
}

@INPROCEEDINGS{balanced_accuracy2010brodersen,
author={K. H. Brodersen and C. S. Ong and K. E. Stephan and J. M. Buhmann},
booktitle={{2010 20th International Conference on Pattern Recognition}},
title={{The Balanced Accuracy and Its Posterior Distribution}},
year={2010},
pages={3121-3124},
}

@incollection{imageNetWinner2012krizhevsky,
title = {{ImageNet Classification with Deep Convolutional Neural Networks}},
author = {Alex Krizhevsky and Sutskever, Ilya and Hinton, Geoffrey E},
booktitle = {{Advances in Neural Information Processing Systems 25}},
pages = {1097--1105},
year = {2012},
}

@MISC{neuralnetworks_old1994sarle,
    author = {Warren S. Sarle},
    title = {{Neural Networks and Statistical Models}},
    year = {1994},
    publisher={Citeseer}
}

@article {advances_minimal_surgery2002darzi,
	author = {Darzi, Ara and Mackay, Sean},
	title = {Recent advances in minimal access surgery},
	pages = {31--34},
	year = {2002},
	journal = {BMJ}
}

@article{vision_based_surg_tool_det2017bouget,
title = "Vision-based and marker-less surgical tool detection and tracking: a review of the literature",
journal = "Medical Image Analysis",
pages = "633 - 654",
year = "2017",
author = "David Bouget and Max Allan and Danail Stoyanov and Pierre Jannin",
}

@Article{laparoscopic_adrenalectomy1996rutherford,
author="Rutherford, John C.
and Stowasser, Michael
and Tunny, Terry J.
and Klemm, Shelley A.
and Gordon, Richard D.",
title="Laparoscopic Adrenalectomy",
journal="{World Journal of Surgery}",
year="1996",
pages="758--761",
}

@Article{haptic_feedback_surgery2009vanderMeijden,
author="van der Meijden, O. A. J.
and Schijven, M. P.",
title="The value of haptic feedback in conventional and robot-assisted minimal invasive surgery and virtual reality training: a current review",
journal="Surgical Endoscopy",
year="2009",
pages="1180--1190",
}

@Article{electromagnetic_tracking2016lahanas,
author="Lahanas, Vasileios
and Loukas, Constantinos
and Georgiou, Evangelos",
title="A simple sensor calibration technique for estimating the 3D pose of endoscopic instruments",
journal="Surgical Endoscopy",
year="2016",
}

@article{optical_localizer_instr2010elfring,
author = {Robert Elfring and Mat√≠as de la Fuente and Klaus Radermacher},
title = {Assessment of optical localizer accuracy for computer aided surgery systems},
journal = {{Computer Aided Surgery}},
pages = {1-12},
year  = {2010},
}

@InProceedings{da_vinci_localization2005Leven,
author="Leven, Joshua
and Burschka, Darius
and Kumar, Rajesh
and Zhang, Gary
and Blumenkranz, Steve
and Dai, Xiangtian (Donald)
and Awad, Mike
and Hager, Gregory D.
and Marohn, Mike
and Choti, Mike
and Hasser, Chris
and Taylor, Russell H.",
editor="Duncan, James S.
and Gerig, Guido",
title="{DaVinci Canvas: A Telerobotic Surgical System with Integrated, Robot-Assisted, Laparoscopic Ultrasound Capability}",
booktitle="Medical Image Computing and Computer-Assisted Intervention -- MICCAI 2005",
year="2005",
pages="811--818",
}

@InProceedings{ultrasound_localization2009Hu,
author="Hu, Yipeng
and Ahmed, Hashim Uddin
and Allen, Clare
and Pends{\'e}, Doug
and Sahu, Mahua
and Emberton, Mark
and Hawkes, David
and Barratt, Dean",
editor="Yang, Guang-Zhong
and Hawkes, David
and Rueckert, Daniel
and Noble, Alison
and Taylor, Chris",
title="{MR to Ultrasound Image Registration for Guiding Prostate Biopsy and Interventions}",
booktitle="{Medical Image Computing and Computer-Assisted Intervention -- MICCAI 2009}",
year="2009",
pages="787--794",
}

@article{miccai15_results2018bodenstedt,
  author    = {Sebastian Bodenstedt and
               Max Allan and
               Anthony Agustinos and
               Xiaofei Du and
               Luis C. Garc{\'{\i}}a{-}Peraza{-}Herrera and
               Hannes Kenngott and
               Thomas Kurmann and
               Beat P. M{\"{u}}ller{-}Stich and
               S{\'{e}}bastien Ourselin and
               Daniil Pakhomov and
               Raphael Sznitman and
               Marvin Teichmann and
               Martin Thoma and
               Tom Vercauteren and
               Sandrine Voros and
               Martin Wagner and
               Pamela Wochner and
               Lena Maier{-}Hein and
               Danail Stoyanov and
               Stefanie Speidel},
  title     = {Comparative evaluation of instrument segmentation and tracking methods
               in minimally invasive surgery},
  journal   = {{CoRR}},
  year      = {2018},
}

@article{deep_residual_instr_segm2017pakhmov,
  author    = {Daniil Pakhomov and
               Vittal Premachandran and
               Max Allan and
               Mahdi Azizian and
               Nassir Navab},
  title     = {{Deep Residual Learning for Instrument Segmentation in Robotic Surgery}},
  journal   = {{CoRR}},
}

@InProceedings{bipartite_graph2005schwartz,
author="Schwartz, Justus
and Steger, Angelika
and Wei{\ss}l, Andreas",
title="{Fast Algorithms for Weighted Bipartite Matching}",
booktitle="{Experimental and Efficient Algorithms}",
year="2005",
pages="476--487"
}

@article{ternausnet2018iglovikov,
  author    = {Vladimir Iglovikov and
               Alexey Shvets},
  title     = {{TernausNet: U-Net with {VGG11} Encoder Pre-Trained on ImageNet for
               Image Segmentation}},
  journal   = {{CoRR}},
  year      = {2018},
}
@INPROCEEDINGS{linknet2017Chaurasia,
author={A. Chaurasia and E. Culurciello},
booktitle={2017 IEEE Visual Communications and Image Processing (VCIP)},
title={{LinkNet: Exploiting encoder representations for efficient semantic segmentation}},
year={2017},
pages={1-4},
}

@InProceedings{deep_res_learning_img_rec2016He,
author = {He, Kaiming and Zhang, Xiangyu and Ren, Shaoqing and Sun, Jian},
title = {Deep Residual Learning for Image Recognition},
booktitle = {{IEEE Conference on Computer Vision and Pattern Recognition (CVPR)}},
month = {June},
year = {2016}
} 

@INPROCEEDINGS{landmark_localization_2Dvector2016rupprecht,
author={C. Rupprecht and C. Lea and F. Tombari and N. Navab and G. D. Hager},
booktitle={{2016 IEEE/RSJ International Conference on Intelligent Robots and Systems (IROS)}},
title={Sensor substitution for video-based action recognition},
year={2016},
pages={5230-5237},
}

@InProceedings{long2015_FCNs,
author = {Long, Jonathan and Shelhamer, Evan and Darrell, Trevor},
title = {Fully Convolutional Networks for Semantic Segmentation},
booktitle = {The IEEE Conference on Computer Vision and Pattern Recognition (CVPR)},
month = {June},
year = {2015}
} 

@article{kurmann2017sim_recogn_pose_estim,
  author    = {Thomas Kurmann and
               Pablo M{\'{a}}rquez{-}Neila and
               Xiaofei Du and
               Pascal Fua and
               Danail Stoyanov and
               Sebastian Wolf and
               Raphael Sznitman},
  title     = {Simultaneous Recognition and Pose Estimation of Instruments in Minimally
               Invasive Surgery},
  journal   = {{CoRR}},
}

@article{buscema1998backprop_network,
  title={Back propagation neural networks},
  author={Buscema, Massimo},
  journal={Substance use \& misuse},
  pages={233--270},
  year={1998},
}

@article{rumelhart1986origin_backprop_paper,
  title={Learning representations by back-propagating errors},
  author={Rumelhart, David E and Hinton, Geoffrey E and Williams, Ronald J},
  journal={nature},
  year={1986},
}

@incollection{rosenblatt1986old_perceptron_convergence	,
  title={{Frank Rosenblatt: Principles of neurodynamics: Perceptrons and the theory of brain mechanisms}},
  author={Van Der Malsburg, C},
  booktitle={Brain Theory},
  pages={245--248},
  year={1986},
}

% url = "http://www.sciencedirect.com/science/article/pii/S1568494605000190"
@article{srinivasulu2006comparison_training_methods,
title = "A comparative analysis of training methods for artificial neural network rainfall‚Äìrunoff models",
journal = "{Applied Soft Computing}",
pages = "295 - 306",
year = "2006",
author = "Sanaga Srinivasulu and Ashu Jain",
}

@conference {hernandez_adams2015prob_backprop,
	title = {Probabilistic Backpropagation for Scalable Learning of Bayesian Neural Networks},
	booktitle = {Proceedings of the 32nd International Conference on Machine Learning},
	year = {2015},
	author = {Jos{\'e} Miguel Hern{\'a}ndez-Lobato and Ryan P. Adams}
}

@ARTICLE{bouget2015tools_local_appearance_global_shape,
author={D. Bouget and R. Benenson and M. Omran and L. Riffaud and B. Schiele and P. Jannin},
journal={IEEE Transactions on Medical Imaging},
title={{Detecting Surgical Tools by Modelling Local Appearance and Global Shape}},
year={2015},
pages={2603-2617},
}

@ARTICLE{specht1991general_regr_network,
author={D. F. Specht},
journal={{IEEE Transactions on Neural Networks}},
title={A general regression neural network},
year={1991},
pages={568-576},
}

@article{overview_deep_learning_nn2015schmidhuber,
title = "{Deep learning in neural networks: An overview}",
journal = "{Neural Networks}",
pages = "85 - 117",
year = "2015",
author = "J√ºrgen Schmidhuber",
keywords = "Deep learning, Supervised learning, Unsupervised learning, Reinforcement learning, Evolutionary computation"
}

@article{backprop_grad_desc_closed1993shun,
title = "Backpropagation and stochastic gradient descent method",
journal = "Neurocomputing",
pages = "185 - 196",
year = "1993",
author = "Shun-ichi Amari",
}

@article{first_cnn1998lecun,
  title={Gradient-based learning applied to document recognition},
  author={LeCun, Yann and Bottou, L{\'e}on and Bengio, Yoshua and Haffner, Patrick},
  journal={Proceedings of the IEEE},
  pages={2278--2324},
  year={1998},
}

@article{pre_trained2012dahl,
  title={Context-dependent pre-trained deep neural networks for large-vocabulary speech recognition},
  author={Dahl, George E and Yu, Dong and Deng, Li and Acero, Alex},
  journal={{IEEE Transactions on audio, speech, and language processing}},
  volume={20},
  number={1},
  pages={30--42},
  year={2012},
}

@article{cross_val_overfit1998prechelt,
title = "Automatic early stopping using cross validation: quantifying the criteria",
journal = "Neural Networks",
pages = "761 - 767",
year = "1998",
author = "Lutz Prechelt",
}

% this has probably only one author
@inproceedings{loocv_prev_overfit1997Ng,
  title={Preventing" overfitting" of cross-validation data},
  author={Ng, Andrew Y and others},
  booktitle={{ICML}},
  pages={245--253},
  year={1997}
}

@article{pre_trained_overfit2016marmanis,
  title={Deep learning earth observation classification using ImageNet pretrained networks},
  author={Marmanis, Dimitrios and Datcu, Mihai and Esch, Thomas and Stilla, Uwe},
  journal={{IEEE Geoscience and Remote Sensing Letters}},
  pages={105--109},
  year={2016},
}

@ARTICLE{augmentation_SAR2016Ding,
author={J. Ding and B. Chen and H. Liu and M. Huang},
journal={{IEEE Geoscience and Remote Sensing Letters}},
title={{Convolutional Neural Network With Data Augmentation for SAR Target Recognition}},
year={2016},
pages={364-368},
}

@article{loc_recept_field2016turcsany,
title = "Local receptive field constrained deep networks",
journal = "Information Sciences",
pages = "229 - 247",
year = "2016",
author = "Diana Turcsany and Andrzej Bargiela and Tomas Maul",
}

@inproceedings{lecun1990handwritten_digit_recog,
  title={Handwritten digit recognition with a back-propagation network},
  author={LeCun, Yann and Boser, Bernhard E and Denker, John S and Henderson, Donnie and Howard, Richard E and Hubbard, Wayne E and Jackel, Lawrence D},
  booktitle={Advances in neural information processing systems},
  pages={396--404},
  year={1990}
}

@article{batch_normaliz2015ioffe,
  author    = {Sergey Ioffe and
               Christian Szegedy},
  title     = {Batch Normalization: Accelerating Deep Network Training by Reducing
               Internal Covariate Shift},
  journal   = {CoRR},
  year      = {2015},
}

@InProceedings{dice_eva2008babalola,
author="Babalola, Kolawole O.
and Patenaude, Brian
and Aljabar, Paul
and Schnabel, Julia
and Kennedy, David
and Crum, William
and Smith, Stephen
and Cootes, Tim F.
and Jenkinson, Mark
and Rueckert, Daniel",
editor="Metaxas, Dimitris
and Axel, Leon
and Fichtinger, Gabor
and Sz{\'e}kely, G{\'a}bor",
title="Comparison and Evaluation of Segmentation Techniques for Subcortical Structures in Brain MRI",
booktitle="Medical Image Computing and Computer-Assisted Intervention -- MICCAI 2008",
year="2008",
pages="409--416"
}

@article{davinci2014watanabe,
  title={Da vinci surgical system},
  author={Watanabe, G and Ishikawa, N},
  journal={Kyobu geka. The Japanese journal of thoracic surgery},
  pages={686--689},
  year={2014}
}

@article{davindiXI2015morelli,
  title={{Use of the new Da Vinci Xi{\textregistered} during robotic rectal resection for cancer: technical considerations and early experience}},
  author={Morelli, Luca and Guadagni, Simone and Di Franco, Gregorio and Palmeri, Matteo and Caprili, Giovanni and D‚ÄôIsidoro, Cristiano and Pisano, Roberta and Moglia, Andrea and Ferrari, Vincenzo and Di Candio, Giulio and others},
  journal={International journal of colorectal disease},
  pages={1281--1283},
  year={2015},
}

@ARTICLE{opening1987haralick,
author={R. M. Haralick and S. R. Sternberg and X. Zhuang},
journal={{IEEE Transactions on Pattern Analysis and Machine Intelligence}},
title={{Image Analysis Using Mathematical Morphology}},
year={1987},
pages={532-550},
}

@article{laparoscp2002lacy,
title = "Laparoscopy-assisted colectomy versus open colectomy for treatment of non-metastatic colon cancer: a randomised trial",
journal = "{The Lancet}",
pages = "2224 - 2229",
year = "2002",
author = "Antonio M Lacy and Juan C Garc√≠a-Valdecasas and Salvadora Delgado and Antoni Castells and Pilar Taur√° and Josep M Piqu√© and Josep Visa"
}

@ARTICLE{detect_instruments_mis2013allan,
author={M. Allan and S. Ourselin and S. Thompson and D. J. Hawkes and J. Kelly and D. Stoyanov},
journal={IEEE Transactions on Biomedical Engineering},
title={{Toward Detection and Localization of Instruments in Minimally Invasive Surgery}},
year={2013},
pages={1050-1058},
}

@article{laparosc_image2014blausen,
  title={{Medical gallery of Blausen Medical 2014}},
  author={Blausen, S.},
  journal={WikiJournal of Medicine},
  year={2014}
}

@InProceedings{SEG-UGA2016agustinos,
author="Agustinos, Anthony
and Voros, Sandrine",
editor="Luo, Xiongbiao
and Reichl, Tobias
and Reiter, Austin
and Mariottini, Gian-Luca",
title="{2D/3D Real-Time Tracking of Surgical Instruments Based on Endoscopic Image Processing}",
booktitle="Computer-Assisted and Robotic Endoscopy",
year="2016",
pages="90--100",
}

@Article{KIT-TRA2016bodenstedt,
author="Bodenstedt, Sebastian
and Wagner, Martin
and Mayer, Benjamin
and Stemmer, Katherine
and Kenngott, Hannes
and M{\"u}ller-Stich, Beat
and Dillmann, R{\"u}diger
and Speidel, Stefanie",
title="Image-based laparoscopic bowel measurement",
journal="International Journal of Computer Assisted Radiology and Surgery",
year="2016",
pages="407--419",
}

@article{k-means-paper2005sipkins,
  title={{In vivo imaging of specialized bone marrow endothelial microdomains for tumour engraftment}},
  author={Sipkins, Dorothy A and Wei, Xunbin and Wu, Juwell W and Runnels, Judith M and C{\^o}t{\'e}, Daniel and Means, Terry K and Luster, Andrew D and Scadden, David T and Lin, Charles P},
  journal={Nature},
  pages={969},
  year={2005},
}

@article{equalization_histogram1987pizer,
title = "{Adaptive histogram equalization and its variations}",
journal = "Computer Vision, Graphics, and Image Processing",
pages = "355 - 368",
year = "1987",
author = "Stephen M. Pizer and E. Philip Amburn and John D. Austin and Robert Cromartie and Ari Geselowitz and Trey Greer and Bart ter Haar Romeny and John B. Zimmerman and Karel Zuiderveld"
}

@book{kalman_filter1992brown,
  title={{Introduction to random signals and applied Kalman filtering}},
  author={Brown, Robert Grover and Hwang, Patrick YC and others},
  year={1992},
  publisher={Wiley New York}
}
